@article{R:Ihaka+Gentleman:1996,
  AUTHOR =	 "Ross Ihaka and Robert Gentleman",
  TITLE =	 "R: A Language for Data Analysis and Graphics",
  JOURNAL =	 "Journal of Computational and Graphical Statistics",
  YEAR =	 1996,
  VOLUME =	 5,
  NUMBER =	 3,
  PAGES =	 "299--314"
}

@inproceedings{lmucs-papers:Leisch:2002,
  author =	 {Friedrich Leisch},
  title =	 {Sweave: Dynamic Generation of Statistical Reports
                  Using Literate Data Analysis},
  booktitle =	 {Compstat 2002 --- Proceedings in Computational
                  Statistics},
  pages =	 {575--580},
  year =	 2002,
  editor =	 {Wolfgang H{\"a}rdle and Bernd R{\"o}nz},
  publisher =	 {Physica Verlag, Heidelberg},
  note =	 {ISBN 3-7908-1517-9},
  url =		 {http://www.stat.uni-muenchen.de/~leisch/Sweave}
}
