@Article{R:zoo,
    title = {zoo: S3 Infrastructure for Regular and Irregular Time Series},
    author = {Achim Zeileis and Gabor Grothendieck},
    journal = {Journal of Statistical Software},
    year = {2005},
    volume = {14},
    number = {6},
    pages = {1--27},
    url = {http://www.jstatsoft.org/v14/i06/},
}

@Manual{R:Rcpp,
    title = {Rcpp: Rcpp R/C++ interface package},
    author = {Dirk Eddelbuettel and Romain Fran\c{c}ois},
    year = {2010},
    note = {R package version 0.8.0},
    url = {http://CRAN.R-project.org/package=Rcpp},
}

@Manual{R:cxxPack,
    title = {cxxPack: R/C++ Tools for Literate Statistical Practice},
    author = {Dominick Samperi},
    year = {2010},
    note = {R package version 7.0},
    url = {http://CRAN.R-project.org/package=cxxPack},
}

@Manual{R:RUnit,
    title = {RUnit: R Unit test framework},
    author = {Matthias Burger and Klaus Juenemann and Thomas Koenig},
    year = {2009},
    note = {R package version 0.4.25},
    url = {http://CRAN.R-project.org/package=RUnit},
}

@Article{ R:Ihaka+Gentleman:1996,
	AUTHOR = "Ross Ihaka and Robert Gentleman",
	TITLE = "R: A Language for Data Analysis and Graphics",
	JOURNAL = "Journal of Computational and Graphical Statistics",
	YEAR = 1996,
	VOLUME = 5,
	NUMBER = 3,
	PAGES = "299--314"
}

@Unpublished{ Runnalls:CXXR,
	title = "Aspects of {CXXR} internals",
	author = "Andrew R. Runnalls",
	note = "University of Kent working paper",
	url = "www.cs.kent.ac.uk/projects/cxxr/pubs/CXXR-internals.pdf",
	year = "2009"
}

@InProceedings{ lmucs-papers:Leisch:2002,
	author = "Friedrich Leisch",
	title = "Sweave: Dynamic Generation of Statistical Reports Using Literate Data Analysis",
	booktitle = "Compstat 2002 --- Proceedings in Computational Statistics",
	pages = "575--580",
	year = 2002,
	editor = "Wolfgang H{\"a}rdle and Bernd R{\"o}nz",
	publisher = "Physica Verlag, Heidelberg",
	note = "ISBN 3-7908-1517-9",
	url = "http://www.stat.uni-muenchen.de/~leisch/Sweave"
}

@Book{ R:Chambers2008,
	title = "Software for Data Analysis: Programming with R",
	author = "John M. Chambers",
	publisher = "Springer-Verlag",
	year = "2008",
	address = "New York"
}

@InCollection{ BuckheitDonoho,
	title = "Wavelab and Reproducible Research",
	booktitle = "Wavelets and Statistics",
	author = "J. B. Buckheit and D. L. Donoho",
	publisher = "Springer-Verlag",
	year = "1995",
	pages = "55--81",
	url = "http://www-stat.stanford.edu/~wavelab/"
}

@Article{ GentlemanLang1,
	title = "Statistical Analyses and Reproducible Research",
	author = "Robert Gentleman and Duncan {Temple Lang}",
	journal = "Journal of Computational and Graphical Statistics",
	pages = "1--23",
	year = "2007",
	month = "March",
	volume = "16",
	number = "1"
}

@Article{ GentlemanReproducible2,
	title = "Reproducible research: {A} bioinformatics case study",
	author = "Robert Gentleman",
	journal = "Statistical Applications in Genetics and Molecular Biology",
	volume = "4",
	number = "1",
	year = "2005"
}

@Unpublished{ Donoho08WP,
	title = "15 Years of Reproducible Research in Computational Harmonic Analysis",
	author = "David Donoho and Arian Maleki and Inam Rahman and Morteza Shahram and Victoria Stodden",
	year = "2008",
	month = "April",
	note = "Stanford University Technical Report"
}

@Book{ Knuth:Literate,
	title = "Literate Programming",
	author = "Donald Knuth",
	publisher = "Center for the Study of Language and Information",
	address = "Stanford, CA",
	year = "1992"
}

@Unpublished{ RR:RossiniLeisch2003,
	title = "Literate Statistical Practice",
	author = "Anthony Rossini and Freidrich Leisch",
	year = "2003",
	month = "March",
	note = "UW Biostatistics Working Paper Series, Paper 194",
	url = "http://www.bepress.com/uwbiostat/paper194"
}

@Article{ Donoho09,
	title = "15 Years of Reproducible Research in Computational Harmonic Analysis",
	author = "David Donoho and Arian Maleki and Inam Rahman and Morteza Shahram and Victoria Stodden",
	journal = "Computing in Science and Engineering",
	volume = "11",
	number = "1",
	month = "January",
	year = "2009",
	pages = "8--18"
}

